% This file was created with JabRef 2.5.
% Encoding: ISO8859_1

@article{percomfloatingcontent,
  title={Floating Content: Information Sharing in Urban Areas},
  author={Jorg Ott and Esa Hyytia and Pasi Lassila and Tobias Vaegs and Jussi Kangasharju},
  journal={Simulation},
  pages={136--146},
  year={2011},
  publisher={IEEE}
}

@misc {wikipedia_dtn,
title = {Delay-tolerant networking {@MISC}},
author={wikipedia},
year={2011},
url = {http://en.wikipedia.org/wiki/Delay-tolerant_networking}
}

@article{uniform_distribution,
  title={Floating Content: Information Sharing in Urban Areas},
  author={Jorg Ott and Esa Hyytia and Pasi Lassila and Tobias Vaegs and Jussi Kangasharju},
  journal={Simulation},
  pages={136--146},
  year={2011},
  publisher={IEEE}
}

@article{whendoesdatafloats,
  title={When Does Content Float? Characterizing Availability of Anchored Information in Opportunistic Content Sharing},
  author={Esa Hyytiä†, Jorma Virtamo†, Pasi Lassila†, Jussi Kangasharju‡, Jörg Ott},
  journal={Analysis},
  year={2011},
  publisher={IEEE INFOCOM}
}

@article{reputation,
  title={A Robust Reputation System for P2P and Mobile Ad-hoc Networks},
  author={Sonja Buchegger and Jean-Yves Le Boudec},
  journal={Analysis},
  year={2004},
  publisher={Cambridge MA}
}

@article{bmw_assist,
  title={BMW Assist},
  author={Kolberg, Jon Einar},
  journal={Online},
  year={2014},
  publisher={BMW},
  url={http://www.bmw.com/com/en/owners/navigation/assist_1.html}
}

@article{volvo,
  title={Volvo on Call},
  author={Volvo},
  journal={Online},
  year={2014},
  publisher={Volvo},
  url={http://www.volvocars.com/intl/sales-services/sales/volvo-on-call/pages/default.aspx}
}